@Article{ref1,
author={Donoho, D. AND Stodden, V.},
journal={Advances in Neural Information Processing Systems 16 - Proceedings of the 2003 Conference, NIPS 2003 Neural information processing systems foundation.},
title={When does non-negative matrix factorization give a correct decomposition into parts?},
year={2004}
}

@Article{ref2,
author={Lee, Daniel D AND Seung, H Sebastian},
journal={Nature. 401},
title={Learning the parts of objects by non-negative matrix factorization},
year={1999},
pages={788â€“791}
}

@Article{ref3,
author={Liu, Eric Yi AND Guo, Zhishan AND Zhang, Xiang AND Jojic, Vladimir AND Wang, Wei},
title={Machine Learning from relative comparisons by minimizing squared residual},
year={2012}
}

@Article{ref4,
author={Krishnan, Sanjay AND Wang, Jiannan AND Wu, Eugene, AND Franklin, Michael J. AND Goldberg, Ken},
title={ActiveClean: Interactive Data Cleaning for Statistical Modeling},
year={2016}
}

@Article{ref5,
author={Deng, Dong AND Fernandez, Raul Castro, Abedjan, Ziawasch AND al.},
title={The Data Civilizer System},
year={2017}
}

@book{ref6,
author={Hastie, Tibshirani, Friedman},
title={The Elements of Statistical Learning - Data Mining, Inference and Prediction},
publisher={Springer},
year={2009}
}

@Article{ref7,
author={Mikolov, Tomas AND Chen, Kai AND Corrado, Greg AND Dean Jeffrey},
title={Efficient Estimation of Word Representations in Vector Space},
year={2013},
month={Sep}
}

@Article{ref8,
author={Koren, Yehuda AND Bell, Robert AND Volinsky, Chris},
title={Matrix factorization techniques for recommender systems},
year={2009}
}

@Article{ref9,
author={Fellegi, Ivan P. AND Sunter, Alan B.},
journal={Journal of the American Statistical Association},
title={A theory for record linkage},
year={1969}
}

@Article{ref10,
author={Sarawagi, Sunita AND Bhamidipaty, Anuradha},
journal={Proceedings of the eight ACM SIGKDD international conference on Knowledge discovery and data mining},
title={Interactive deduplication using active learning},
year={2002},
page={269-278}
}

@Article{ref11,
author={Wilson, D. Randall},
journal={Neural Networks (IJCNN), The 2011 International Joint Conference},
title={Beyond probabilistic record linkage: Using neural networks and complex features to improve genealogical record linkage},
year={2011},
page={9-14}
}

@Article{ref12,
author={Zhang, Meihui AND al.},
journal={Proceedings of the VLDB Endowment},
title={On multi-column foreign key discovery},
year={2010}
}

@Article{ref13,
author={Pollock, Rufus AND al.},
journal={University of Cambridge, Faculty of Economics},
title={The economics of public sector information},
year={2009}
}
